<?xml version="1.0" encoding="UTF-8"?><collection xmlns="http://www.loc.gov/MARC21/slim"><record><leader>00593nam--2200181-i-4500</leader><controlfield tag="001">000012186</controlfield><controlfield tag="002">20161230</controlfield><controlfield tag="005">20161230201029</controlfield><controlfield tag="008">060222s1000------------r-----000-0-fre-d</controlfield><datafield ind1=" " ind2=" " tag="040"><subfield code="a">IFIN-HH</subfield></datafield><datafield ind1=" " ind2=" " tag="041"><subfield code="a">fre</subfield></datafield><datafield ind1=" " ind2=" " tag="080"><subfield code="a">537.611.45:537.638(043)</subfield></datafield><datafield ind1="1" ind2=" " tag="100"><subfield code="a">Chapellier, Maurice</subfield></datafield><datafield ind1="1" ind2="0" tag="245"><subfield code="a">Sur deux applications de l'effet solide: signe d'un couplage quadrupolaire et mesure d'une temperature de spin. antiferromagnetisme nucleaire</subfield><subfield code="b">These</subfield><subfield code="c">Maurice chapellier</subfield></datafield><datafield ind1=" " ind2=" " tag="260"><subfield code="a">Paris</subfield><subfield code="b">Universite Paris-sud</subfield><subfield code="c">1973</subfield></datafield><datafield ind1=" " ind2=" " tag="300"><subfield code="a">17P</subfield></datafield><datafield ind1=" " ind2=" " tag="852"><subfield code="a">44891</subfield><subfield code="c">537:538</subfield></datafield><datafield ind1=" " ind2=" " tag="CAT"><subfield code="a">Sys</subfield><subfield code="c">20110621</subfield><subfield code="h">160029</subfield></datafield></record></collection>